@article{friedericiBrainBasisLanguage2011,
  title = {The {{Brain Basis}} of {{Language Processing}}: {{From Structure}} to {{Function}}},
  shorttitle = {The {{Brain Basis}} of {{Language Processing}}},
  author = {Friederici, Angela D.},
  year = {2011},
  month = oct,
  journal = {Physiological Reviews},
  volume = {91},
  number = {4},
  pages = {1357--1392},
  publisher = {{American Physiological Society}},
  issn = {0031-9333},
  doi = {10.1152/physrev.00006.2011}
}
