@article{ardilaProposedNeurologicalInterpretation2015,
  title = {A {{Proposed Neurological Interpretation}} of {{Language Evolution}}},
  author = {Ardila, Alfredo},
  year = {2015},
  journal = {Behavioural Neurology},
  volume = {2015},
  pages = {1--16},
  issn = {0953-4180, 1875-8584},
  doi = {10.1155/2015/872487},
  urldate = {2019-10-21}
}

@article{balterEvolutionLanguageAnimal2010,
  title = {Evolution of Language. {{Animal}} Communication Helps Reveal Roots of Language},
  author = {Balter, Michael},
  year = {2010},
  month = may,
  journal = {Science},
  volume = {328},
  number = {5981},
  pages = {969--971},
  issn = {1095-9203},
  doi = {10.1126/science.328.5981.969}
}

@article{beeMaleGreenFrogs2000,
  title = {Male Green Frogs Lower the Pitch of Acoustic Signals in Defense of Territories: A Possible Dishonest Signal of Size?},
  author = {Bee, Mark A. and Perrill, Stephen A. and Owen, Patrick C.},
  year = {2000},
  month = mar,
  journal = {Behavioral Ecology},
  volume = {11},
  number = {2},
  pages = {169--177},
  issn = {14657279},
  doi = {10.1093/beheco/11.2.169}
}

@article{charltonContextrelatedAcousticVariation2011,
  title = {Context-Related Acoustic Variation in Male Fallow Deer ({{Dama}} Dama) Groans.},
  author = {Charlton, Benjamin D and Reby, David},
  year = {2011},
  month = jan,
  journal = {PLOS ONE},
  volume = {6},
  number = {6},
  pages = {e21066},
  issn = {1932-6203},
  doi = {10.1371/journal.pone.0021066}
}

@article{Collins2000,
  ids = {RefWorks:382},
  title = {Men's Voices and Women's Choices.},
  author = {Collins, Sarah A.},
  year = {2000},
  month = dec,
  journal = {Animal behaviour},
  volume = {60},
  number = {6},
  pages = {773--780},
  issn = {0003-3472},
  doi = {10.1006/anbe.2000.1523}
}

@article{collinsVocalVisualAttractiveness2003,
  title = {Vocal and Visual Attractiveness Are Related in Women},
  author = {Collins, Sarah A. and Missing, C},
  year = {2003},
  month = may,
  journal = {Animal Behaviour},
  volume = {65},
  pages = {997--1004},
  doi = {10.1006/anbe.2003.2123}
}

@article{dunbarCoevolutionNeocorticalSize1993a,
  title = {Coevolution of Neocortical Size, Group Size and Language in Humans},
  author = {Dunbar, R. I. M.},
  year = {1993},
  month = dec,
  journal = {Behavioral and Brain Sciences},
  volume = {16},
  number = {4},
  pages = {681--694},
  publisher = {{Cambridge University Press}},
  issn = {1469-1825, 0140-525X},
  doi = {10.1017/S0140525X00032325}
}

@incollection{dunbarOriginSubsequentEvolution2003,
  title = {The Origin and Subsequent Evolution of Language},
  booktitle = {Language {{Evolution}}. {{Studies}} in the Evolution of Language.},
  author = {Dunbar, Robin I.M.},
  editor = {Christiansen, Morten H. and Kirby, Simon},
  year = {2003},
  number = {June 2014},
  pages = {219--234},
  publisher = {{Oxford university Press}},
  address = {{New York, NY}},
  doi = {10.1093/acprof:oso/9780199244843.003.0012}
}

@article{eriksenCulturalChangeSongs2005,
  title = {Cultural Change in the Songs of Humpback Whales ({{Megaptera}} Novaeangliae) from {{Tonga}}},
  author = {Eriksen, N and Miller, L A and Tougaard, J and Helweg, D A},
  year = {2005},
  journal = {Behaviour},
  volume = {142},
  pages = {305--328},
  doi = {10.1163/1568539053778283}
}

@article{evansChickenFoodCalls1999,
  title = {Chicken Food Calls Are Functionally Referential},
  author = {Evans, Christopher S and Evans, Linda},
  year = {1999},
  journal = {Animal Behaviour},
  volume = {58},
  eprint = {10458882},
  eprinttype = {pubmed},
  pages = {307--319},
  issn = {0003-3472},
  doi = {10.1006/anbe.1999.1143}
}

@article{falkPrelinguisticEvolutionEarly2005,
  ids = {Falk2005Prelinguistic,RefWorks:535},
  title = {Prelinguistic Evolution in Early Hominins: {{Whence}} Motherese?},
  author = {Falk, Dean},
  year = {2005},
  month = feb,
  journal = {Behavioral and Brain Sciences},
  volume = {27},
  number = {4},
  pages = {491--503},
  issn = {0140-525X},
  doi = {10.1017/S0140525X04000111}
}

@article{feinbergManipulationsFundamentalFormant2005,
  ids = {RefWorks:386},
  title = {Manipulations of Fundamental and Formant Frequencies Influence the Attractiveness of Human Male Voices},
  author = {Feinberg, David R and Jones, Benedict C and Little, Anthony C and Burt, D.M. and Perrett, David Ian},
  year = {2005},
  month = mar,
  journal = {Animal Behaviour},
  volume = {69},
  number = {3},
  pages = {561--568},
  issn = {00033472},
  doi = {10.1016/j.anbehav.2004.06.012},
  urldate = {2012-03-04}
}

@article{fitchBiologyEvolutionMusic2006a,
  ids = {RefWorks:417},
  title = {The Biology and Evolution of Music: A Comparative Perspective.},
  author = {Fitch, W Tecumseh},
  year = {2006},
  month = may,
  journal = {Cognition},
  volume = {100},
  number = {1},
  pages = {173--215},
  issn = {0010-0277},
  doi = {10.1016/j.cognition.2005.11.009}
}

@article{fitchBiologyEvolutionSpeech2018,
  title = {The {{Biology}} and {{Evolution}} of {{Speech}}: {{A Comparative Analysis}}},
  shorttitle = {The {{Biology}} and {{Evolution}} of {{Speech}}},
  author = {Fitch, W. Tecumseh},
  year = {2018},
  journal = {Annual Review of Linguistics},
  volume = {4},
  number = {1},
  pages = {255--279},
  doi = {10.1146/annurev-linguistics-011817-045748}
}

@article{fitchEvolutionLanguageComparative2005,
  title = {The {{Evolution}} of {{Language}}: {{A Comparative Review}}},
  author = {Fitch, W Tecumseh},
  year = {2005},
  month = mar,
  journal = {Biology \& Philosophy},
  volume = {20},
  number = {2-3},
  pages = {193--203},
  issn = {0169-3867},
  doi = {10.1007/s10539-005-5597-1}
}

@article{fitchEvolutionMusicComparative2005,
  title = {The Evolution of Music in Comparative Perspective},
  author = {Fitch, W Tecumseh},
  editor = {Avanzini, Giuliano and Koelsch, Stefan and Lopez, Luisa and Majno, Maria},
  year = {2005},
  journal = {Annals Of The New York Academy Of Sciences},
  volume = {1060},
  number = {The Neurosciences and Music II: From Perception to Performance},
  pages = {29--49},
  issn = {00778923},
  doi = {10.1196/annals.1360.004}
}

@article{garlandWhenDoesCultural2021,
  title = {When Does Cultural Evolution Become Cumulative Culture? {{A}} Case Study of Humpback Whale Song},
  shorttitle = {When Does Cultural Evolution Become Cumulative Culture?},
  author = {Garland, Ellen C. and Garrigue, Claire and Noad, Michael J.},
  year = {2021},
  month = dec,
  journal = {Philosophical Transactions of the Royal Society B: Biological Sciences},
  volume = {377},
  number = {1843},
  pages = {20200313},
  publisher = {{Royal Society}},
  doi = {10.1098/rstb.2020.0313}
}

@article{greeneRedSquirrelsTamiasciurus1998,
  title = {Red Squirrels, {{{\emph{Tamiasciurus}}}}{\emph{ Hudsonicus}}, Produce Predator-Class Specific Alarm Calls},
  author = {Greene, Erick and Meagher, Tom},
  year = {1998},
  journal = {Animal Behaviour},
  volume = {55},
  number = {3},
  pages = {511--518},
  issn = {00033472},
  doi = {10.1006/anbe.1997.0620}
}

@article{hiltonAcousticRegularitiesInfantdirected2022,
  title = {Acoustic Regularities in Infant-Directed Speech and Song across Cultures},
  author = {Hilton, Courtney B. and Moser, Cody J. and Bertolo, Mila and {Lee-Rubin}, Harry and Amir, Dorsa and Bainbridge, Constance M. and Simson, Jan and Knox, Dean and Glowacki, Luke and Alemu, Elias and Galbarczyk, Andrzej and Jasienska, Grazyna and Ross, Cody T. and Neff, Mary Beth and Martin, Alia and Cirelli, Laura K. and Trehub, Sandra E. and Song, Jinqi and Kim, Minju and Schachner, Adena and Vardy, Tom A. and Atkinson, Quentin D. and Salenius, Amanda and Andelin, Jannik and Antfolk, Jan and Madhivanan, Purnima and Siddaiah, Anand and Placek, Caitlyn D. and Salali, Gul Deniz and Keestra, Sarai and Singh, Manvir and Collins, Scott A. and Patton, John Q. and Scaff, Camila and Stieglitz, Jonathan and Cutipa, Silvia Ccari and Moya, Cristina and Sagar, Rohan R. and Anyawire, Mariamu and Mabulla, Audax and Wood, Brian M. and Krasnow, Max M. and Mehr, Samuel A.},
  year = {2022},
  month = nov,
  journal = {Nature Human Behaviour},
  volume = {6},
  number = {11},
  pages = {1545--1556},
  publisher = {{Nature Publishing Group}},
  issn = {2397-3374},
  doi = {10.1038/s41562-022-01410-x}
}

@article{hodges-simeonDifferentVocalParameters2010,
  ids = {RefWorks:745},
  title = {Different Vocal Parameters Predict Perceptions of Dominance and Attractiveness},
  author = {{Hodges-Simeon}, Carolyn R and Gaulin, Steven J.C. and Puts, David Andrew},
  year = {2010},
  month = dec,
  journal = {Human Nature},
  volume = {21},
  number = {4},
  pages = {406--427},
  issn = {1045-6767},
  doi = {10.1007/s12110-010-9101-5}
}

@article{hughesVocalModulationHuman2021,
  title = {Vocal {{Modulation}} in {{Human Mating}} and {{Competition}}},
  author = {Hughes, Susan M. and Puts, David Andrew},
  year = {2021},
  journal = {Philosophical Transactions of the Royal Society B: Biological Sciences},
  volume = {376},
  number = {1840},
  pages = {20200388},
  doi = {10.1098/rstb.2020.0388}
}

@article{jentschkeChildrenSpecificLanguage2008,
  ids = {RefWorks:781},
  title = {Children with Specific Language Impairment Also Show Impairment of Music-Syntactic Processing.},
  author = {Jentschke, Sebastian and Koelsch, Stefan and Sallat, Stephan and Friederici, Angela D.},
  year = {2008},
  month = nov,
  journal = {Journal of cognitive neuroscience},
  volume = {20},
  number = {11},
  pages = {1940--1951},
  issn = {0898-929X},
  doi = {10.1162/jocn.2008.20135}
}

@article{kemlernelsonHowProsodicCues2009,
  ids = {nelsonHowProsodicCues1989},
  title = {How the Prosodic Cues in Motherese Might Assist Language Learning},
  author = {Kemler Nelson, Deborah G and {Hirsh-Pasek}, Kathy and Jusczyk, Peter W and Cassidy, Kimberly Wright},
  year = {2009},
  month = feb,
  journal = {Journal of Child Language},
  volume = {16},
  number = {1},
  pages = {55--68},
  issn = {0305-0009},
  doi = {10.1017/S030500090001343X}
}

@article{kleisnerPredictingStrengthAggressive2021,
  title = {Predicting Strength from Aggressive Vocalizations versus Speech in {{African}} Bushland and Urban Communities},
  author = {Kleisner, Karel and Leong{\'o}mez, Juan David and Pisanski, Katarzyna and Fiala, Vojt{\v e}ch and Cornec, Cl{\'e}ment and {Groyecka-Bernard}, Agata and Butovskaya, Marina and Reby, David and Sorokowski, Piotr and Akoko, Robert Mbe},
  year = {2021},
  month = dec,
  journal = {Philosophical Transactions of the Royal Society B: Biological Sciences},
  volume = {376},
  number = {1840},
  pages = {20200403},
  issn = {0962-8436, 1471-2970},
  doi = {10.1098/rstb.2020.0403}
}

@article{koelschAdultsChildrenProcessing2005,
  ids = {RefWorks:477},
  title = {Adults and Children Processing Music: An {{fMRI}} Study.},
  author = {Koelsch, Stefan and Fritz, Thomas and Schulze, Katrin and Alsop, David and Schlaug, Gottfried},
  year = {2005},
  month = may,
  journal = {NeuroImage},
  volume = {25},
  number = {4},
  pages = {1068--1076},
  issn = {1053-8119},
  doi = {10.1016/j.neuroimage.2004.12.050}
}

@article{leongomezMusicalityHumanVocal2022,
  ids = {leongomezMusicalityHumanVocal2021a,leongomezMusicalityHumanVocal2022a},
  title = {Musicality in Human Vocal Communication: An Evolutionary Perspective},
  shorttitle = {Musicality in Human Vocal Communication},
  author = {Leong{\'o}mez, Juan David and Havl{\'i}{\v c}ek, Jan and Roberts, S. Craig},
  year = {2022},
  month = jan,
  journal = {Philosophical Transactions of the Royal Society B: Biological Sciences},
  volume = {377},
  number = {1841},
  pages = {20200391},
  publisher = {{Royal Society}},
  issn = {0962-8436, 1471-2970},
  doi = {10.1098/rstb.2020.0391}
}

@article{leongomezPerceivedDifferencesSocial2017,
  ids = {Leongomeza2017,Leongómez2017Perceived},
  title = {Perceived Differences in Social Status between Speaker and Listener Affect the Speaker's Vocal Characteristics},
  author = {Leong{\'o}mez, Juan David and Mileva, Viktoria R and Little, Anthony C and Roberts, S Craig},
  year = {2017},
  journal = {PLoS One},
  volume = {12},
  number = {6},
  pages = {e0179407},
  doi = {10.1371/journal.pone.0179407}
}

@article{leongomezVocalModulationCourtship2014,
  ids = {leongomezVocalModulationCourtship2014a},
  title = {Vocal Modulation during Courtship Increases Proceptivity Even in Naive Listeners},
  author = {Leong{\'o}mez, Juan David and Binter, Jakub and Kubicov{\'a}, Lydie and Stola{\v r}ov{\'a}, Petra and Klapilov{\'a}, Kate{\v r}ina and Havl{\'i}{\v c}ek, Jan and Roberts, S. Craig},
  year = {2014},
  month = nov,
  journal = {Evolution and Human Behavior},
  volume = {35},
  number = {6},
  pages = {489--496},
  issn = {10905138},
  doi = {10.1016/j.evolhumbehav.2014.06.008}
}

@article{lutherUrbanNoiseCultural2010,
  title = {Urban Noise and the Cultural Evolution of Bird Songs.},
  author = {Luther, David and Baptista, Luis},
  year = {2010},
  month = feb,
  journal = {Proceedings of the Royal Society B: Biological Sciences},
  volume = {277},
  number = {1680},
  pages = {469--473},
  issn = {1471-2954},
  doi = {10.1098/rspb.2009.1571}
}

@article{marlerSpeciesuniversalMicrostructureLearned1984,
  title = {Species-Universal Microstructure in the Learned Song of the Swamp Sparrow ({{Melospiza}} Georgiana)},
  author = {Marler, Peter and Pickert, Roberta},
  year = {1984},
  month = aug,
  journal = {Animal Behaviour},
  volume = {32},
  number = {3},
  pages = {673--689},
  issn = {00033472},
  doi = {10.1016/S0003-3472(84)80143-8}
}

@article{mccombCoevolutionVocalCommunication2005,
  title = {Coevolution of Vocal Communication and Sociality in Primates.},
  author = {McComb, Karen and Semple, Stuart},
  year = {2005},
  month = dec,
  journal = {Biology letters},
  volume = {1},
  number = {4},
  pages = {381--385},
  issn = {1744-9561},
  doi = {10.1098/rsbl.2005.0366}
}

@article{mehrFormFunctionHuman2018,
  ids = {mehrFormFunctionHuman2018a},
  title = {Form and {{Function}} in {{Human Song}}},
  author = {Mehr, Samuel A. and Singh, Manvir and York, Hunter and Glowacki, Luke and Krasnow, Max M.},
  year = {2018},
  month = feb,
  journal = {Current Biology},
  volume = {28},
  number = {3},
  pages = {356-368.e5},
  issn = {0960-9822},
  doi = {10.1016/j.cub.2017.12.042}
}

@article{mehrOriginsMusicCredible2021,
  title = {Origins of Music in Credible Signaling},
  author = {Mehr, Samuel A. and Krasnow, Max M. and Bryant, Gregory A. and Hagen, Edward H.},
  year = {2021},
  journal = {Behavioral and Brain Sciences},
  volume = {44},
  pages = {E60},
  publisher = {{Cambridge University Press}},
  issn = {0140-525X, 1469-1825},
  doi = {10.1017/S0140525X20000345}
}

@article{mehrUniversalityDiversityHuman2019,
  title = {Universality and Diversity in Human Song},
  author = {Mehr, Samuel A. and Singh, Manvir and Knox, Dean and Ketter, Daniel M. and {Pickens-Jones}, Daniel and Atwood, S. and Lucas, Christopher and Jacoby, Nori and Egner, Alena A. and Hopkins, Erin J. and Howard, Rhea M. and Hartshorne, Joshua K. and Jennings, Mariela V. and Simson, Jan and Bainbridge, Constance M. and Pinker, Steven and O'Donnell, Timothy J. and Krasnow, Max M. and Glowacki, Luke},
  year = {2019},
  month = nov,
  journal = {Science},
  volume = {366},
  number = {6468},
  publisher = {{American Association for the Advancement of Science}},
  issn = {0036-8075, 1095-9203},
  doi = {10.1126/science.aax0868}
}

@article{noadCulturalRevolutionWhale2000,
  title = {Cultural Revolution in Whale Songs.},
  author = {Noad, M J and Cato, D H and Bryden, M M and Jenner, M N and Jenner, K C},
  year = {2000},
  month = nov,
  journal = {Nature},
  volume = {408},
  number = {6812},
  pages = {537},
  issn = {0028-0836},
  doi = {10.1038/35046199}
}

@article{papousekMeaningsMelodiesMotherese1991,
  title = {The Meanings of Melodies in Motherese in Tone and Stress Languages},
  author = {Papou{\v s}ek, Mechthild and Papou{\v s}ek, Hanus and Symmes, D},
  year = {1991},
  journal = {Infant Behavior and Development},
  volume = {14},
  number = {4},
  pages = {415--440},
  issn = {01636383},
  doi = {10.1016/0163-6383(91)90031-M}
}

@article{pearceSelectedObservationsAmusia2005,
  title = {Selected Observations on Amusia},
  author = {Pearce, J. M. S.},
  year = {2005},
  month = jan,
  journal = {European neurology},
  volume = {54},
  number = {3},
  pages = {145--148},
  issn = {0014-3022},
  doi = {10.1159/000089606}
}

@article{piccirilliModularityMusicEvidence2000,
  title = {Modularity of Music: Evidence from a Case of Pure Amusia},
  author = {Piccirilli, Massimo and Sciarma, Tiziana and Luzzi, Simona},
  year = {2000},
  month = oct,
  journal = {Journal of Neurology, Neurosurgery \& Psychiatry},
  volume = {69},
  number = {4},
  pages = {541--545},
  issn = {00223050},
  doi = {10.1136/jnnp.69.4.541}
}

@article{pipitoneWomenVoiceAttractiveness2008,
  title = {Women's Voice Attractiveness Varies across the Menstrual Cycle},
  author = {Pipitone, R. Nathan and Gallup, Gordon G.},
  year = {2008},
  month = jul,
  journal = {Evolution and Human Behavior},
  volume = {29},
  number = {4},
  pages = {268--274},
  issn = {10905138},
  doi = {10.1016/j.evolhumbehav.2008.02.001}
}

@article{pisanskiReturnOzVoice2014,
  title = {Return to {{Oz}}: {{Voice}} Pitch Facilitates Assessments of Men's Body Size.},
  shorttitle = {Return to {{Oz}}},
  author = {Pisanski, Katarzyna and Fraccaro, Paul J. and Tigue, Cara C. and O'Connor, Jillian J. M. and Feinberg, David R.},
  year = {2014},
  journal = {Journal of Experimental Psychology: Human Perception and Performance},
  volume = {40},
  number = {4},
  pages = {1316--1331},
  issn = {1939-1277, 0096-1523},
  doi = {10.1037/a0036956}
}

@article{podosPermissivenessLearningDevelopment1999,
  title = {Permissiveness in the Learning and Development of Song Syntax in Swamp Sparrows},
  author = {Podos, Jeffrey and Nowicki, Stephen and Peters, Susan},
  year = {1999},
  month = jul,
  journal = {Animal Behaviour},
  volume = {58},
  number = {1},
  pages = {93--103},
  issn = {00033472},
  doi = {10.1006/anbe.1999.1140}
}

@article{putsDominanceEvolutionSexual2006,
  title = {Dominance and the Evolution of Sexual Dimorphism in Human Voice Pitch},
  author = {Puts, David Andrew and Gaulin, Steven J.C. and Verdolini, Katherine},
  year = {2006},
  month = jul,
  journal = {Evolution and Human Behavior},
  volume = {27},
  number = {4},
  pages = {283--296},
  issn = {10905138},
  doi = {10.1016/j.evolhumbehav.2005.11.003}
}

@article{putsMenVoicesDominance2007,
  title = {Men's Voices as Dominance Signals: Vocal Fundamental and Formant Frequencies Influence Dominance Attributions among Men},
  shorttitle = {Men's Voices as Dominance Signals},
  author = {Puts, David Andrew and Hodges, Carolyn R. and C{\'a}rdenas, Rodrigo A. and Gaulin, Steven J.C.},
  year = {2007},
  month = sep,
  journal = {Evolution and Human Behavior},
  volume = {28},
  number = {5},
  pages = {340--344},
  issn = {10905138},
  doi = {10.1016/j.evolhumbehav.2007.05.002}
}

@article{putsSexualSelectionMale2016,
  ids = {Puts2016Sexual},
  title = {Sexual Selection on Male Vocal Fundamental Frequency in Humans and Other Anthropoids},
  author = {Puts, David A. and Hill, Alexander K. and Bailey, Drew H. and Walker, Robert S. and Rendall, Drew and Wheatley, John R. and Welling, Lisa L. M. and Dawood, Khytam and C{\'a}rdenas, Rodrigo and Burriss, Robert P. and Jablonski, Nina G. and Shriver, Mark D. and Weiss, Daniel and Lameira, Adriano R. and Apicella, Coren L. and Owren, Michael J. and Barelli, Claudia and Glenn, Mary E. and {Ramos-Fernandez}, Gabriel},
  year = {2016},
  month = apr,
  journal = {Proceedings of the Royal Society B: Biological Sciences},
  volume = {283},
  number = {1829},
  pages = {20152830},
  publisher = {{Royal Society}},
  doi = {10.1098/rspb.2015.2830}
}

@article{RefWorks:385,
  title = {Menstrual Cycle, Trait Estrogen Level, and Masculinity Preferences in the Human Voice},
  author = {Feinberg, David R and Jones, Benedict C and Law Smith, Miriam J. and Moore, F R and DeBruine, Lisa M and Cornwell, R Elisabeth and Hillier, S G and Perrett, David Ian},
  year = {2006},
  month = feb,
  journal = {Hormones and Behavior},
  volume = {49},
  number = {2},
  pages = {215--222},
  doi = {10.1016/j.yhbeh.2005.07.004}
}

@article{RefWorks:428,
  title = {The Faculty of Language: What Is It, Who Has It, and How Did It Evolve?},
  author = {Hauser, Marc D. and Chomsky, Noam and Fitch, W Tecumseh},
  year = {2002},
  month = nov,
  journal = {Science},
  volume = {298},
  number = {5598},
  pages = {1569--1579},
  issn = {1095-9203},
  doi = {10.1126/science.298.5598.1569}
}

@article{RefWorks:452,
  title = {The Sounds of Dominance: {{Vocal}} Precursors of Perceived Dominance during Interpersonal Influence},
  author = {Tusing, Kyle James and Dillard, James Price},
  year = {2000},
  journal = {Human Communication Research},
  volume = {26},
  number = {1},
  pages = {148--171},
  issn = {0360-3989},
  doi = {10.1111/j.1468-2958.2000.tb00754.x}
}

@article{RefWorks:463,
  title = {The Origins of Language and the Evolution of Music: {{A}} Comparative Perspective},
  author = {Masataka, N},
  year = {2009},
  month = mar,
  journal = {Physics of Life Reviews},
  volume = {6},
  number = {1},
  pages = {11--22},
  doi = {10.1016/j.plrev.2008.08.003}
}

@article{RefWorks:723,
  title = {Female Mate Choice in a Neotropical Frog.},
  author = {Ryan, Michael Joseph},
  year = {1980},
  month = jul,
  journal = {Science},
  volume = {209},
  number = {4455},
  eprint = {17831371},
  eprinttype = {pubmed},
  pages = {523--525},
  issn = {0036-8075},
  doi = {10.1126/science.209.4455.523}
}

@article{sammlerOverlapMusicalLinguistic2009,
  ids = {RefWorks:795},
  title = {Overlap of Musical and Linguistic Syntax Processing: Intracranial {{ERP}} Evidence},
  author = {Sammler, Daniela and Koelsch, Stefan and Ball, T. and Brandt, A. and Elger, C. E. and Friederici, Angela D. and Grigutsch, M. and Huppertz, H-.J. and Knosche, T. R. and Wellmer, J. and Widman, G. and {Schulze-Bonhage}, A.},
  year = {2009},
  month = jul,
  journal = {Annals of the New York Academy of Sciences},
  volume = {1169},
  pages = {494--498},
  issn = {1749-6632},
  doi = {10.1111/j.1749-6632.2009.04792.x}
}

@article{savageMusicCoevolvedSystem2021,
  ids = {savageMusicCoevolvedSystem2020},
  title = {Music as a Coevolved System for Social Bonding},
  author = {Savage, Patrick E. and Loui, Psyche and Tarr, Bronwyn and Schachner, Adena and Glowacki, Luke and Mithen, Steven and Fitch, W. Tecumseh},
  year = {2021},
  journal = {Behavioral and Brain Sciences},
  volume = {44},
  pages = {E59},
  publisher = {{Cambridge University Press}},
  issn = {0140-525X, 1469-1825},
  doi = {10.1017/S0140525X20000333}
}

@article{seyfarthMonkeyResponsesThree1980,
  title = {Monkey Responses to Three Different Alarm Calls: Evidence of Predator Classification and Semantic Communication},
  author = {Seyfarth, R M and Cheney, D L and Marler, Peter},
  year = {1980},
  month = nov,
  journal = {Science},
  volume = {210},
  number = {4471},
  pages = {801--803},
  issn = {0036-8075},
  doi = {10.1126/science.7433999}
}

@article{signoretAphasiaAmusiaBlind1987,
  ids = {signoretAphasiaAmusiaBlind1987a},
  title = {Aphasia without Amusia in a Blind Organist. {{Verbal}} Alexia-Agraphia without Musical Alexia-Agraphia in Braille},
  author = {Signoret, J.L. and {van Eeckhout}, P. and Poncet, M. and Castaigne, P.},
  year = {1987},
  month = jan,
  journal = {Revue neurologique},
  volume = {143},
  number = {3},
  eprint = {3616363},
  eprinttype = {pubmed},
  pages = {172--181},
  issn = {0035-3787}
}

@article{coumelSecondLanguageAccent2019,
  ids = {coumelSecondLanguageAccent2019a},
  title = {Second Language Accent Faking Ability Depends on Musical Abilities, Not on Working Memory},
  author = {Coumel, Marion and Christiner, Markus and Reiterer, Susanne Maria},
  year = {2019},
  month = feb,
  journal = {Frontiers in Psychology},
  volume = {10},
  number = {February},
  pages = {1--10},
  issn = {1664-1078},
  doi = {10.3389/fpsyg.2019.00257}
}

@article{schonMusicSpeechMusic2004,
  title = {The Music of Speech: {{Music}} Training Facilitates Pitch Processing in Both Music and Language},
  author = {Sch{\"o}n, Daniele and Magne, Cyrille and Besson, Mireille},
  year = {2004},
  journal = {Psychophysiology},
  volume = {41},
  number = {3},
  pages = {341--349},
  doi = {10.1111/1469-8986.00172.x}
}

@article{zuberbuhlerSyntaxCompositionalityAnimal2019,
  title = {Syntax and Compositionality in Animal Communication},
  author = {Zuberb{\"u}hler, Klaus},
  year = {2019},
  month = nov,
  journal = {Philosophical Transactions of the Royal Society B: Biological Sciences},
  volume = {375},
  number = {1789},
  pages = {20190062},
  publisher = {{Royal Society}},
  doi = {10.1098/rstb.2019.0062}
}
