@article{kleisner2021,
  title = {Predicting Strength from Aggressive Vocalizations versus Speech in {{African}} Bushland and Urban Communities},
  author = {Kleisner, Karel and Leong{\'o}mez, Juan David and Pisanski, Katarzyna and Fiala, Vojt{\v e}ch and Cornec, Cl{\'e}ment and {Groyecka-Bernard}, Agata and Butovskaya, Marina and Reby, David and Sorokowski, Piotr and Akoko, Robert Mbe},
  year = {2021},
  month = dec,
  journal = {Philosophical Transactions of the Royal Society B: Biological Sciences},
  volume = {376},
  number = {1840},
  pages = {20200403},
  issn = {0962-8436, 1471-2970},
  doi = {10.1098/rstb.2020.0403}
}

@article{leongomez2022,
  title = {Musicality in Human Vocal Communication: An Evolutionary Perspective},
  shorttitle = {Musicality in Human Vocal Communication},
  author = {Leong{\'o}mez, Juan David and Havl{\'i}{\v c}ek, Jan and Roberts, S. Craig},
  year = {2022},
  month = jan,
  journal = {Philosophical Transactions of the Royal Society B: Biological Sciences},
  volume = {377},
  number = {1841},
  pages = {20200391},
  publisher = {{Royal Society}},
  issn = {0962-8436, 1471-2970},
  doi = {10.1098/rstb.2020.0391}
}

@article{leongomez2021,
  title = {Voice Modulation: From Origin and Mechanism to Social Impact},
  shorttitle = {Voice Modulation},
  author = {Leong{\'o}mez, Juan David and Pisanski, Katarzyna and Reby, David and Sauter, Disa and Lavan, Nadine and Perlman, Marcus and Varella Valentova, Jaroslava},
  year = {2021},
  month = dec,
  journal = {Philosophical Transactions of the Royal Society B: Biological Sciences},
  volume = {376},
  number = {1840},
  pages = {20200386},
  issn = {0962-8436, 1471-2970},
  doi = {10.1098/rstb.2020.0386}
}

@article{Leongomez2008,
  title = {El Origen No Humano de La M\'usica},
  author = {Leong{\'o}mez, Juan David},
  year = {2008},
  journal = {(Pensamiento), (palabra) y obra},
  volume = {1},
  number = {1},
  pages = {87--97},
  url = {https://revistas.pedagogica.edu.co/index.php/revistafba/article/view/50}
}

@article{leongomezVocalModulationCourtship2014,
  title = {Vocal Modulation during Courtship Increases Proceptivity Even in Naive Listeners},
  author = {Leong{\'o}mez, Juan David and Binter, Jakub and Kubicov{\'a}, Lydie and Stola{\v r}ov{\'a}, Petra and Klapilov{\'a}, Kate{\v r}ina and Havl{\'i}{\v c}ek, Jan and Roberts, S. Craig},
  year = {2014},
  month = nov,
  journal = {Evolution and Human Behavior},
  volume = {35},
  number = {6},
  pages = {489--496},
  issn = {10905138},
  doi = {10.1016/j.evolhumbehav.2014.06.008}
}