@article{leongomezContextualisingCourtshipExploring2021,
  ids = {Leongomez2020a},
  title = {Contextualising Courtship: {{Exploring}} Male Body Odour Effects on Vocal Modulation},
  shorttitle = {Contextualising Courtship},
  author = {Leong{\'o}mez, Juan David and S{\'a}nchez, Oscar R. and {V{\'a}squez-Am{\'e}zquita}, Milena and Roberts, S. Craig},
  year = {2021},
  month = dec,
  journal = {Behavioural Processes},
  volume = {193},
  pages = {104531},
  issn = {03766357},
  doi = {10.1016/j.beproc.2021.104531},
  urldate = {2021-11-22},
  copyright = {All rights reserved},
  langid = {english},
  keywords = {androstadienone,Androstadienone,fundamental frequency,Fundamental frequency,male body odour,Male body odour,mate choice,Mate choice,voice modulation,Voice modulation},
  file = {D\:\\GDrive\\Zotero\\Behavioural Processes\\Leongómez et al_2021_Contextualising courtship.pdf;D\:\\GDrive\\Zotero\\Behavioural Processes\\Leongómez et al_2021_Contextualising courtship2.pdf;D\:\\Zotero Library\\storage\\22E3C2X5\\S0376635721002151.html;D\:\\Zotero Library\\storage\\AZ97XC65\\S0376635721002151.html}
}
