@article{leongomezMusicalityHumanVocal2022,
  ids = {leongomezMusicalityHumanVocal2021a,leongomezMusicalityHumanVocal2022a},
  title = {Musicality in Human Vocal Communication: An Evolutionary Perspective},
  shorttitle = {Musicality in Human Vocal Communication},
  author = {Leong{\'o}mez, Juan David and Havl{\'i}{\v c}ek, Jan and Roberts, S. Craig},
  year = {2022},
  month = jan,
  journal = {Philosophical Transactions of the Royal Society B: Biological Sciences},
  volume = {377},
  number = {1841},
  pages = {20200391},
  publisher = {{Royal Society}},
  issn = {0962-8436, 1471-2970},
  doi = {10.1098/rstb.2020.0391}
}

@article{leongomezAnalisisPoderEstadistico2020,
  ids = {juandavidleongomezAnalisisPoderEstadistico2020,leongomezAnalisisPoderEstadistico2020a},
  title = {An\'alisis de Poder Estad\'istico y C\'alculo de Tama\~no de Muestra En {{R}}: {{Gu\'ia}} Pr\'actica},
  author = {Leong{\'o}mez, Juan David},
  year = {2020},
  month = sep,
  journal = {Zenodo},
  publisher = {{Zenodo}},
  doi = {10.5281/zenodo.3988776}
}

@article{leongomezMetaanalisisCorrelacionesMetaregresion2023,
  title = {Meta-An\'alisis de Correlaciones y Meta-Regresi\'on En {{R}}: {{Gu\'ia}} Pr\'actica},
  author = {Leong{\'o}mez, Juan David},
  year = {2023},
  month = apr,
  journal = {MetaArXiv},
  doi = {10.31222/osf.io/yaxd4}
}

@manual{leongomezPowerSimulateCorrelacion2023a,
  title = {{{PowerSimulate}}: {{Correlación}}},
  author = {Leong{\'o}mez, Juan David},
  year = {2023},
  note = {Aplicación web},
  url = {https://shiny.jdl-svr.lat/PowerSimulate_corr_ES/}
}

@manual{leongomezPowerSimulatePruebaIndependiente2023,
  title = {{{PowerSimulate}}: {{Prueba}} t Independiente},
  author = {Leong{\'o}mez, Juan David},
  year = {2023},
  note = {Aplicación web},
  url = {https://shiny.jdl-svr.lat/PowerSimulate_ind_t_ES/}
}

@manual{leongomezPowerSimulatePruebaPareada2023,
  title = {{{PowerSimulate}}: {{Prueba}} t Pareada},
  author = {Leong{\'o}mez, Juan David},
  year = {2023},
  note = {Aplicación web},
  url = {https://shiny.jdl-svr.lat/PowerSimulate_pair_t_ES/}
}

@manual{investigacionabiertaHacerMetaanalisisJamovi2021,
  title = {Hacer Meta-An\'alisis En Jamovi Es Muy F\'acil},
  author = {Leong{\'o}mez, Juan David},
  year = {2021},
  month = may,
  note = {Video},
  url = {https://www.youtube.com/watch?v=ntBbkOn9D_o}
}

@manual{investigacionabiertaHacerMetaanalisisR2023,
  title = {Meta-análisis de correlaciones en R},
  author = {Leong{\'o}mez, Juan David},
  year = {2023},
  month = sep,
  note = {Video},
  url = {https://www.youtube.com/watch?v=RNw92QdsW4g}
}

@manual{leongomezPoderEstadisticoTamano2020,
  title = {{Poder estad\'istico y tama\~no de muestra en R}},
  booktitle = {{Investigaci\'on Abierta (YouTube channel).}},
  author = {Leong{\'o}mez, Juan David},
  year = {2020},
  month = sep,
  note = {Serie de videos},
  url = {https://www.youtube.com/playlist?list=PLHk7UNt35ccVdyHqnQ6oXVYA6JBNFrE1x}
}

@manual{leongomezCienciaAbierta,
  title = {{¿Qué tan confiable es la literatura científica? Ciencia abierta como estrategia para enfrentar las implicaciones de la naturalización de malas prácticas y la crisis de la replicación}},
  author = {Leong{\'o}mez, Juan David},
  year = {2022},
  month = apr,
  note = {Video},
  url = {https://www.youtube.com/watch?v=Fl98MoBqSaI}
}

@article{leongomezPerceivedDifferencesSocial2017,
  ids = {Leongomeza2017,Leongómez2017Perceived},
  title = {Perceived Differences in Social Status between Speaker and Listener Affect the Speaker's Vocal Characteristics},
  author = {Leong{\'o}mez, Juan David and Mileva, Viktoria R and Little, Anthony C and Roberts, S Craig},
  year = {2017},
  journal = {PLoS One},
  volume = {12},
  number = {6},
  pages = {e0179407},
  doi = {10.1371/journal.pone.0179407}
}

@article{leongomezVocalModulationCourtship2014,
  ids = {leongomezVocalModulationCourtship2014a},
  title = {Vocal Modulation during Courtship Increases Proceptivity Even in Naive Listeners},
  author = {Leong{\'o}mez, Juan David and Binter, Jakub and Kubicov{\'a}, Lydie and Stola{\v r}ov{\'a}, Petra and Klapilov{\'a}, Kate{\v r}ina and Havl{\'i}{\v c}ek, Jan and Roberts, S. Craig},
  year = {2014},
  month = nov,
  journal = {Evolution and Human Behavior},
  volume = {35},
  number = {6},
  pages = {489--496},
  issn = {10905138},
  doi = {10.1016/j.evolhumbehav.2014.06.008}
}

@article{kleisnerPredictingStrengthAggressive2021,
  title = {Predicting Strength from Aggressive Vocalizations versus Speech in {{African}} Bushland and Urban Communities},
  author = {Kleisner, Karel and Leong{\'o}mez, Juan David and Pisanski, Katarzyna and Fiala, Vojt{\v e}ch and Cornec, Cl{\'e}ment and {Groyecka-Bernard}, Agata and Butovskaya, Marina and Reby, David and Sorokowski, Piotr and Akoko, Robert Mbe},
  year = {2021},
  month = dec,
  journal = {Philosophical Transactions of the Royal Society B: Biological Sciences},
  volume = {376},
  number = {1840},
  pages = {20200403},
  issn = {0962-8436, 1471-2970},
  doi = {10.1098/rstb.2020.0403}
}

@article{leongomezContextualisingCourtshipExploring2021,
  ids = {Leongomez2020a},
  title = {Contextualising Courtship: {{Exploring}} Male Body Odour Effects on Vocal Modulation},
  shorttitle = {Contextualising Courtship},
  author = {Leong{\'o}mez, Juan David and S{\'a}nchez, Oscar R. and {V{\'a}squez-Am{\'e}zquita}, Milena and Roberts, S. Craig},
  year = {2021},
  month = dec,
  journal = {Behavioural Processes},
  volume = {193},
  pages = {104531},
  issn = {03766357},
  doi = {10.1016/j.beproc.2021.104531}
}


@article{leongomezVoiceModulationOrigin2021,
  ids = {leongomezVoiceModulationOrigin2021a},
  title = {Voice Modulation: From Origin and Mechanism to Social Impact},
  shorttitle = {Voice Modulation},
  author = {Leong{\'o}mez, Juan David and Pisanski, Katarzyna and Reby, David and Sauter, Disa and Lavan, Nadine and Perlman, Marcus and Varella Valentova, Jaroslava},
  year = {2021},
  month = dec,
  journal = {Philosophical Transactions of the Royal Society B: Biological Sciences},
  volume = {376},
  number = {1840},
  pages = {20200386},
  issn = {0962-8436, 1471-2970},
  doi = {10.1098/rstb.2020.0386}
}

